<record><leader>00000cas a22000007a 4500</leader><controlfield tag="001">12088953</controlfield><controlfield tag="008">850529d18531861ohuwr ne      0   a0eng d</controlfield><datafield ind1=" " ind2=" " tag="010"><subfield code="a">sn 85026192 </subfield></datafield><datafield ind1=" " ind2=" " tag="040"><subfield code="a">NPX</subfield><subfield code="b">eng</subfield><subfield code="c">NPX</subfield><subfield code="d">ONP</subfield><subfield code="d">OCLCQ</subfield><subfield code="d">DLC</subfield></datafield><datafield ind1="0" ind2=" " tag="022"><subfield code="a">2327-3194</subfield><subfield code="2">1</subfield></datafield><datafield ind1=" " ind2=" " tag="042"><subfield code="a">msc</subfield><subfield code="a">nsdp</subfield></datafield><datafield ind1=" " ind2=" " tag="043"><subfield code="a">n-us-oh</subfield></datafield><datafield ind1="0" ind2="0" tag="050"><subfield code="a">Newspaper</subfield></datafield><datafield ind1="0" ind2="0" tag="082"><subfield code="a">071</subfield><subfield code="2">23</subfield></datafield><datafield ind1="0" ind2=" " tag="130"><subfield code="a">Perrysburg journal (Perrysbury, Ohio : 1853)</subfield></datafield><datafield ind1=" " ind2="4" tag="222"><subfield code="a">The Perrysburg journal (Perrysbury, Ohio. 1853. Print)</subfield></datafield><datafield ind1="1" ind2="4" tag="245"><subfield code="a">The Perrysburg journal.</subfield></datafield><datafield ind1=" " ind2=" " tag="260"><subfield code="a">Perrysburg, Ohio :</subfield><subfield code="b">Simon Clark,</subfield><subfield code="c">1853-1861.</subfield></datafield><datafield ind1=" " ind2=" " tag="300"><subfield code="a">v.</subfield></datafield><datafield ind1=" " ind2=" " tag="310"><subfield code="a">Weekly</subfield></datafield><datafield ind1="0" ind2=" " tag="362"><subfield code="a">Vol. 1, no. 1 (Mar. 10, 1853) -v. 8, no. 52 (May 2, 1861).</subfield></datafield><datafield ind1=" " ind2=" " tag="500"><subfield code="a">Editor: E.A. Diggins, &lt;1859&gt;.</subfield></datafield><datafield ind1=" " ind2=" " tag="530"><subfield code="a">Archived issues are available in digital format as part of the Library of Congress Chronicling America online collection.</subfield></datafield><datafield ind1=" " ind2=" " tag="752"><subfield code="a">United States</subfield><subfield code="b">Ohio</subfield><subfield code="c">Wood</subfield><subfield code="d">Perrysburg.</subfield></datafield><datafield ind1="1" ind2=" " tag="776"><subfield code="t">Perrysburg journal (Perrysbury, Ohio : 1853 : Online)</subfield><subfield code="x">2327-3208</subfield><subfield code="w">(DLC)  2013218635</subfield></datafield><datafield ind1="0" ind2="0" tag="785"><subfield code="t">Weekly Perrysburg journal</subfield><subfield code="w">(DLC)sn 85026193</subfield></datafield><datafield ind1="4" ind2="1" tag="856"><subfield code="u">http://www.loc.gov/chroniclingamerica/lccn/sn85026192/issues</subfield></datafield><datafield ind1="1" ind2=" " tag="029"><subfield code="a">AU@</subfield><subfield code="b">000025827271</subfield></datafield></record>